@article{Holstein_2009,
  doi = {10.1088/1742-6596/173/1/012019},
  url = {http://dx.doi.org/10.1088/1742-6596/173/1/012019},
  year = {2009},
  month = {jun},
  publisher = {{IOP} Publishing},
  volume = {173},
  pages = {012019},
  author = {Barry R Holstein},
  title = {{The mysterious disappearance of Ettore Majorana}},
  journal = {J. Phys.: Conf. Ser.},
}


@article{2012,
  author = {CMS/CERN},
  title = {{A New Boson with a Mass of 125 GeV Observed with the CMS Experiment at the Large Hadron Collider}},
  volume = {338},
  number = {6114},
  pages = {1569-1575},
  year = {2012},
  doi = {10.1126/science.1230816},
  eprint = {http://www.sciencemag.org/content/338/6114/1569.full.pdf},
  journal = {Science},
}


@article{Birge_1985,
  doi = {10.1287/opre.33.5.989},
  url = {http://dx.doi.org/10.1287/opre.33.5.989},
  year = {1985},
  month = {oct},
  publisher = {Institute for Operations Research and the Management Sciences ({INFORMS})},
  volume = {33},
  number = {5},
  pages = {989--1007},
  author = {John R. Birge},
  title = {{Decomposition and Partitioning Methods for Multistage Stochastic Linear Programs}},
  journal = {Operations Research},
}


@article{Takriti_1996,
  doi = {10.1109/59.535691},
  url = {http://dx.doi.org/10.1109/59.535691},
  year = {1996},
  publisher = {Institute of Electrical {\&} Electronics Engineers ({IEEE})},
  volume = {11},
  number = {3},
  pages = {1497--1508},
  author = {S. Takriti and J.R. Birge and E. Long},
  title = {{A stochastic model for the unit commitment problem}},
  journal = {{IEEE} Transactions on Power Systems},
}
